% website
% as misc
% Required fields: none. 
% Optional fields: author, title, howpublished, month, year, note.
@misc{eagletrt.github.io,
  title = {E-Agle TRT Documentazione},
  author = {Luca Martinelli},
  howpublished = {https://www.eagletrt.github.io},
  note = {ultimo accesso 17/06/2019}
}

@misc{cross-compilazione,
  title = {Cross Compliazione per il Volante},
  author = {Antonio Stefani e Luca Martinelli},
  howpublished = {https://eagletrt.github.io/volanteCrosscompilazione.html},
  note = {ultimo accesso 17/06/2019}
}

@misc{Medium,
  title = {How to cross compile QT for Raspberry Pi 3 on Linux (Ubuntu) for Beginners!},
  author = {Amir Mansouri},
  howpublished = {https://medium.com/@amirmann/how-to-cross-compile-qt-for-raspberry-pi-3-on-linux-ubuntu-for-beginners-75acf2a078c},
  note = {ultimo accesso 01/06/2019}
}

@misc{chimera-telemetria,
  title = {Repository del Volante di Chimera e Chimera Evoluzione},
  howpublished = {https://github.com/eagletrt/chimera-telemetria}
}

@misc{fenice-steeringwheel,
  title = {Repository del Volante di Fenice},
  howpublished = {https://github.com/eagletrt/fenice-steeringwheel}
}

@misc{wiringPI,
  title = {wiringPI},
  howpublished = {http://wiringpi.com/extensions/i2c-mcp23008-mcp23017/}
}

@misc{jumpnowtek,
  title = {Build di un sistema operativo con QT per Raspberry Pi},
  author = {Scott},
  howpublished = {https://jumpnowtek.com/rpi/Raspberry-Pi-Systems-with-Yocto.html}

}

@misc{boot2qt,
  title = {Build Your Own Embedded Linux Image},
  author = {Qt},
  howpublished = {https://doc.qt.io/QtForDeviceCreation/qtee-custom-embedded-linux-image.html}

}
